@book{GoF94,
  Author = {Erich Gamma and Richard Helm and Ralph Johnson and John M. Vlissides},
  Title = {Design Patterns: Elements of Reusable Object-Oriented Software},
  Publisher = {Addison-Wesley Professional},
  Year = {1994},
  ISBN = {0201633612}
}

@book{PoEAA02,
  Author = {Martin Fowler},
  Title = {Patterns of Enterprise Application Architecture},
  Publisher = {Addison-Wesley Professional},
  Year = {2002},
  ISBN = {0321127420}
}
